%% This BibTeX bibliography file was created using BibDesk.
%% http://bibdesk.sourceforge.net/


%% Created for Mike Frank at 2020-08-20 10:15:09 -0700 


%% Saved with string encoding Unicode (UTF-8) 



@article{hummel:2003,
	Author = {Hummel, John E and Holyoak, Keith J},
	Date-Added = {2020-08-20 10:14:57 -0700},
	Date-Modified = {2020-08-20 10:15:06 -0700},
	Journal = {Psychological review},
	Number = {2},
	Pages = {220},
	Publisher = {American Psychological Association},
	Title = {A symbolic-connectionist theory of relational inference and generalization.},
	Volume = {110},
	Year = {2003}}

@book{heyes2018,
	Author = {Heyes, Cecilia},
	Date-Added = {2020-08-17 09:34:21 -0700},
	Date-Modified = {2020-08-17 09:35:41 -0700},
	Publisher = {Harvard University Press},
	Title = {Cognitive gadgets: The cultural evolution of thinking},
	Year = {2018}}

@article{frank2008,
	Author = {Frank, Michael C and Everett, Daniel L and Fedorenko, Evelina and Gibson, Edward},
	Date-Added = {2020-08-17 09:33:59 -0700},
	Date-Modified = {2020-08-17 09:35:41 -0700},
	Journal = {Cognition},
	Number = {3},
	Pages = {819--824},
	Publisher = {Elsevier},
	Title = {Number as a cognitive technology: Evidence from Pirah{\~a} language and cognition},
	Volume = {108},
	Year = {2008}}

@article{giurfa:2001,
	Author = {Giurfa, Martin and Zhang, Shaowu and Jenett, Arnim and Menzel, Randolf and Srinivasan, Mandyam V},
	Journal = {Nature},
	Number = {6831},
	Pages = {930--933},
	Publisher = {Nature Publishing Group},
	Title = {The concepts of `sameness' and `difference' in an insect},
	Volume = {410},
	Year = {2001}}

@misc{kopparti2020,
	Archiveprefix = {arXiv},
	Author = {Kopparti,Radha and Weyde, Tillman},
	Eprint = {2003.03125},
	Primaryclass = {cs.LG},
	Title = {Weight Priors for Learning Identity Relations},
	Year = {2020}}

@inproceedings{weyde2018,
	Author = {Weyde, Tillman and Kopparti, Radga},
	Booktitle = {Proceedings of the NeurIPS 2018 Relation Representation Learning Workshop},
	Location = {Montreal},
	Title = {Feed-forward neural networks need inductive bias to learn equality relations},
	Year = {2018}}

@inproceedings{weyde2019,
	Author = {Weyde, Tillman and Kopparti, Radga},
	Journal = {Journal of Applied Logic},
	Number = {4},
	Pages = {745--769},
	Title = {Modelling Identity Rules with Neural Networks},
	Volume = {6},
	Year = {2019}}

@article{potts2019,
	Author = {Potts, Christopher},
	Date-Added = {2020-06-10 21:48:43 -0700},
	Date-Modified = {2020-06-10 21:48:46 -0700},
	Journal = {Language},
	Publisher = {Linguistic Society of America},
	Title = {A case for deep learning in semantics: Response to Pater},
	Year = {2019}}

@article{hochmann2016,
	Author = {Hochmann, Jean-R{\'e}my and Mody, Shilpa and Carey, Susan},
	Date-Added = {2020-06-10 21:42:30 -0700},
	Date-Modified = {2020-06-10 21:42:33 -0700},
	Journal = {Cognitive psychology},
	Pages = {87--111},
	Publisher = {Elsevier},
	Title = {Infants' representations of same and different in match-and non-match-to-sample},
	Volume = {86},
	Year = {2016}}

@article{gentner2003,
	Author = {Gentner, Dedre},
	Date-Added = {2020-06-10 21:40:47 -0700},
	Date-Modified = {2020-06-10 21:40:49 -0700},
	Journal = {Language in mind: Advances in the study of language and thought},
	Title = {Why we're so smart},
	Volume = {195235},
	Year = {2003}}

@article{endress2005,
	Author = {Endress, Ansgar D and Scholl, Brian J and Mehler, Jacques},
	Date-Added = {2020-06-10 21:17:56 -0700},
	Date-Modified = {2020-06-10 21:17:58 -0700},
	Journal = {Journal of Experimental Psychology: General},
	Number = {3},
	Pages = {406},
	Publisher = {American Psychological Association},
	Title = {The role of salience in the extraction of algebraic rules.},
	Volume = {134},
	Year = {2005}}

@article{chouinard2003,
	Author = {Chouinard, Michelle M and Clark, Eve V},
	Date-Added = {2020-06-10 17:02:22 -0700},
	Date-Modified = {2020-06-10 17:02:24 -0700},
	Journal = {Journal of child language},
	Number = {3},
	Pages = {637--669},
	Publisher = {Cambridge University Press},
	Title = {Adult reformulations of child errors as negative evidence},
	Volume = {30},
	Year = {2003}}

@article{lecun2015,
	Author = {LeCun, Yann and Bengio, Yoshua and Hinton, Geoffrey},
	Date-Added = {2020-06-10 09:06:29 -0700},
	Date-Modified = {2020-06-10 09:06:34 -0700},
	Journal = {nature},
	Number = {7553},
	Pages = {436--444},
	Publisher = {Nature Publishing Group},
	Title = {Deep learning},
	Volume = {521},
	Year = {2015}}

@article{castro2010,
	Author = {Castro, Leyre and Kennedy, Philip L and Wasserman, Edward A},
	Date-Added = {2020-06-10 08:55:49 -0700},
	Date-Modified = {2020-06-10 08:56:26 -0700},
	Journal = {Journal of Experimental Psychology: Animal Behavior Processes},
	Number = {1},
	Pages = {23},
	Publisher = {American Psychological Association},
	Title = {Conditional same-different discrimination by pigeons: Acquisition and generalization to novel and few-item displays.},
	Volume = {36},
	Year = {2010}}

@article{cook2007,
	Author = {Cook, Robert G and Wasserman, Edward A},
	Date-Added = {2020-06-10 08:51:15 -0700},
	Date-Modified = {2020-06-10 08:51:18 -0700},
	Journal = {Psychonomic Bulletin \& Review},
	Number = {6},
	Pages = {1107--1114},
	Publisher = {Springer},
	Title = {Learning and transfer of relational matching-to-sample by pigeons},
	Volume = {14},
	Year = {2007}}

@article{fagot2011,
	Author = {Fagot, Jo{\"e}l and Thompson, Roger KR},
	Date-Added = {2020-06-10 08:50:54 -0700},
	Date-Modified = {2020-06-10 08:51:18 -0700},
	Journal = {Psychological Science},
	Number = {10},
	Pages = {1304--1309},
	Publisher = {Sage Publications Sage CA: Los Angeles, CA},
	Title = {Generalized relational matching by guinea baboons (Papio papio) in two-by-two-item analogy problems},
	Volume = {22},
	Year = {2011}}

@article{smirnova2015,
	Author = {Smirnova, Anna and Zorina, Zoya and Obozova, Tanya and Wasserman, Edward},
	Date-Added = {2020-06-10 08:50:13 -0700},
	Date-Modified = {2020-06-10 08:50:17 -0700},
	Journal = {Current Biology},
	Number = {2},
	Pages = {256--260},
	Publisher = {Elsevier},
	Title = {Crows spontaneously exhibit analogical reasoning},
	Volume = {25},
	Year = {2015}}

@article{ferry:2015,
	Author = {Ferry, Alissa L and Hespos, Susan J and Gentner, Dedre},
	Date-Added = {2020-06-06 08:57:29 -0700},
	Date-Modified = {2020-06-06 08:57:55 -0700},
	Journal = {Child Development},
	Number = {5},
	Pages = {1386--1405},
	Publisher = {Wiley Online Library},
	Title = {Prelinguistic relational concepts: Investigating analogical processing in infants},
	Volume = {86},
	Year = {2015}}

@incollection{wasserman:2017,
	Author = {Wasserman, Ed and Castro, Leyre and Fagot, Jo{\"e}l},
	Booktitle = {APA HAndbook of Comparative Psychology: Perception, Learning, and Cognition},
	Date-Added = {2020-06-06 08:53:13 -0700},
	Date-Modified = {2020-06-06 08:58:14 -0700},
	Editor = {Call, J. and Burghardt, G. M and Pepperberg, I. M. and Snowdon, C. T. and Zentall, T.},
	Publisher = {American Psychological Association},
	Title = {Relational thinking in animals and humans: From percepts to concepts.},
	Volume = {2},
	Year = {2017}}

@article{rabagliati:2019,
	Author = {Rabagliati, Hugh and Ferguson, Brock and Lew-Williams, Casey},
	Date-Added = {2020-01-24 12:59:18 -0800},
	Date-Modified = {2020-01-24 12:59:23 -0800},
	Journal = {Developmental science},
	Number = {1},
	Pages = {e12704},
	Publisher = {Wiley Online Library},
	Title = {The profile of abstract rule learning in infancy: Meta-analytic and experimental evidence},
	Volume = {22},
	Year = {2019}}

@incollection{brown:1970,
	Author = {Brown, Roger and Hanlon, Camille},
	Booktitle = {Cognition and the development of language.},
	Date-Added = {2020-01-24 12:56:34 -0800},
	Date-Modified = {2020-01-24 12:57:40 -0800},
	Editor = {J. R. Hayes},
	Publisher = {Wiley},
	Title = {Derivational complexity and order of development in speech},
	Year = {1970}}

@article{marcus:1999a,
	Author = {Marcus, Gary F},
	Date-Added = {2020-01-24 12:40:41 -0800},
	Date-Modified = {2020-01-24 12:45:23 -0800},
	Journal = {Science},
	Pages = {875},
	Title = {Rule learning by seven-month-old infants and neural networks. {R}esponse to {A}ltmann and {D}ienes},
	Volume = {284},
	Year = {1999}}

@article{altmann:1999,
	Author = {Altmann, Gerry TM and Dienes, Zolt{\'a}n},
	Date-Added = {2020-01-24 12:39:28 -0800},
	Date-Modified = {2020-01-24 12:39:37 -0800},
	Journal = {Science},
	Number = {5416},
	Pages = {875--875},
	Publisher = {American Association for the Advancement of Science},
	Title = {Rule learning by seven-month-old infants and neural networks},
	Volume = {284},
	Year = {1999}}

@article{frank:2011,
	Author = {Frank, Michael C and Tenenbaum, Joshua B},
	Date-Added = {2020-01-24 12:21:27 -0800},
	Date-Modified = {2020-01-24 12:21:33 -0800},
	Journal = {Cognition},
	Number = {3},
	Pages = {360--371},
	Publisher = {Elsevier},
	Title = {Three ideal observer models for rule learning in simple languages},
	Volume = {120},
	Year = {2011}}

@article{hochreiter:1997,
	Author = {Hochreiter, Sepp and Schmidhuber, J{\"u}rgen},
	Journal = {Neural computation},
	Number = {8},
	Pages = {1735--1780},
	Publisher = {MIT Press},
	Title = {Long short-term memory},
	Volume = {9},
	Year = {1997}}

@article{alhama:2019,
	Author = {Alhama, Raquel G and Zuidema, Willem},
	Journal = {Psychonomic bulletin \& review},
	Number = {4},
	Pages = {1174--1194},
	Publisher = {Springer},
	Title = {A review of computational models of basic rule learning: The neural-symbolic debate and beyond},
	Volume = {26},
	Year = {2019}}

@article{eimas:1971,
	Author = {Eimas, Peter D and Siqueland, Einar R and Jusczyk, Peter and Vigorito, James},
	Journal = {Science},
	Number = {3968},
	Pages = {303--306},
	Publisher = {American Association for the Advancement of Science},
	Title = {Speech perception in infants},
	Volume = {171},
	Year = {1971}}

@article{seidenberg:1999a,
	Author = {Seidenberg, Mark S and Elman, Jeffrey L},
	Journal = {Trends in Cognitive Sciences},
	Number = {8},
	Pages = {288--289},
	Publisher = {Elsevier Current Trends},
	Title = {Networks are not `hidden rules'},
	Volume = {3},
	Year = {1999}}

@article{seidenberg:1999b,
	Author = {Seidenberg, Mark S and Elman, Jeff L},
	Journal = {Science},
	Number = {5413},
	Pages = {433--433},
	Publisher = {American Association for the Advancement of Science},
	Title = {Do infants learn grammar with algebra or statistics?},
	Volume = {284},
	Year = {1999}}

@article{dienes:1999,
	Author = {Dienes, Zolt{\'a}n and Altmann, Gerry TM and Gao, Shi-Ji},
	Journal = {Cognitive Science},
	Number = {1},
	Pages = {53--82},
	Publisher = {Elsevier},
	Title = {Mapping across domains without feedback: A neural network model of transfer of implicit knowledge},
	Volume = {23},
	Year = {1999}}

@article{anderson:2018,
	Author = {Anderson, Erin M and Chang, Yin-Juei and Hespos, Susan and Gentner, Dedre},
	Journal = {Cognition},
	Pages = {74--86},
	Publisher = {Elsevier},
	Title = {Comparison within pairs promotes analogical abstraction in three-month-olds},
	Volume = {176},
	Year = {2018}}

@article{avargues:2011,
	Author = {Avargu{\`e}s-Weber, Aurore and Deisig, Nina and Giurfa, Martin},
	Journal = {Annual review of entomology},
	Pages = {423--443},
	Publisher = {Annual Reviews},
	Title = {Visual cognition in social insects},
	Volume = {56},
	Year = {2011}}

@book{gentner:2003,
	Author = {Gentner, Dedre and Goldin-Meadow, Susan},
	Publisher = {MIT press},
	Title = {Language in mind: Advances in the study of language and thought},
	Year = {2003}}

@article{premack:1983,
	Author = {Premack, David},
	Journal = {Behavioral and Brain Sciences},
	Number = {1},
	Pages = {125--136},
	Title = {The Codes of Man and Beasts},
	Volume = {6},
	Year = {1983}}

@article{walker:2016,
	Author = {Walker, Caren M and Bridgers, Sophie and Gopnik, Alison},
	Journal = {Cognition},
	Pages = {30--40},
	Publisher = {Elsevier},
	Title = {The early emergence and puzzling decline of relational reasoning: Effects of knowledge and search on inferring abstract concepts},
	Volume = {156},
	Year = {2016}}

@article{gervain:2012,
	Author = {Gervain, Judit and Berent, Iris and Werker, Janet F},
	Journal = {Journal of Cognitive Neuroscience},
	Number = {3},
	Pages = {564--574},
	Publisher = {MIT Press},
	Title = {Binding at birth: The newborn brain detects identity relations and sequential position in speech},
	Volume = {24},
	Year = {2012}}

@article{thompson:2001,
	Author = {KR Thompson, Roger and Rattermann, Mary Jo and L Oden, David},
	Journal = {Hrvatska revija za rehabilitacijska istra{\v{z}}ivanja},
	Number = {1},
	Pages = {9--22},
	Publisher = {Edukacijsko-rehabilitacijski fakultet},
	Title = {Perception and Judgement of Abstract Same-Different Relations by Monkeys, Apes and Children: Do Symbols Make Explicit Only That Which Is Implicit?},
	Volume = {37},
	Year = {2001}}

@article{marcus:1998,
	Author = {Marcus, Gary F},
	Journal = {Cognitive psychology},
	Number = {3},
	Pages = {243--282},
	Publisher = {Elsevier},
	Title = {Rethinking eliminative connectionism},
	Volume = {37},
	Year = {1998}}

@article{marcus:1999,
	Author = {Marcus, Gary F and Vijayan, Sugumaran and Rao, S Bandi and Vishton, Peter M},
	Journal = {Science},
	Number = {5398},
	Pages = {77--80},
	Publisher = {American Association for the Advancement of Science},
	Title = {Rule learning by seven-month-old infants},
	Volume = {283},
	Year = {1999}}

@article{negishi:1999,
	Author = {Negishi, Michiro},
	Journal = {Science},
	Number = {5413},
	Pages = {435},
	Title = {Do Infants Learn Grammar with Algebra or Statistics?},
	Volume = {284},
	Year = {1999}}

@unpublished{elman:1999,
	Author = {Elman, Jeffrey L.},
	Note = {HTML document},
	Title = {Generalization, Rules, and Neural Networks: A Simulation of {M}arcus et. al},
	Year = {1999}}

@book{Minsky:Papert:1969,
	Author = {Minsky, Marvin and Papert, Seymour A},
	Publisher = {MIT Press},
	Title = {Perceptrons: An Introduction to Computational Geometry},
	Year = {1969}}

@article{Rumelhart-etal:1986,
	Author = {Rumelhart, David E. and Hinton, Geoffrey E. and Williams, Ronald J.},
	Journal = {Nature},
	Number = {6088},
	Pages = {533--536},
	Title = {Learning Representations by Back-Propagating Errors},
	Volume = {323},
	Year = {1986}}

@article{vanderMaaten:Hinton:2008,
	Author = {van der Maaten, Laurens and Hinton, Geoffrey E.},
	Journal = {Journal of Machine Learning Research},
	Pages = {2579--2605},
	Title = {Visualizing Data using {t-SNE}},
	Volume = {9},
	Year = {2008}}

@inproceedings{Kingma:Ba:2015,
	Author = {Kingma, Diederik P. and Ba, Jimmy},
	Booktitle = {Proceedings of the 3rd International Conference on Learning Representations},
	Title = {Adam: A Method for Stochastic Optimization},
	Year = {2014}}

@inproceedings{Devlin-etal:2019,
	Address = {Minneapolis, Minnesota},
	Author = {Devlin, Jacob and Chang, Ming-Wei and Lee, Kenton and Toutanova, Kristina},
	Booktitle = {Proceedings of the 2019 Conference of the North {A}merican Chapter of the Association for Computational Linguistics: Human Language Technologies, Volume 1 (Long and Short Papers)},
	Doi = {10.18653/v1/N19-1423},
	Month = {June},
	Pages = {4171--4186},
	Publisher = {Association for Computational Linguistics},
	Title = {{BERT}: Pre-training of Deep Bidirectional Transformers for Language Understanding},
	Url = {https://www.aclweb.org/anthology/N19-1423},
	Year = {2019},
	Bdsk-Url-1 = {https://www.aclweb.org/anthology/N19-1423},
	Bdsk-Url-2 = {https://doi.org/10.18653/v1/N19-1423}}

@inproceedings{pennington-socher-manning:2014:EMNLP2014,
	Address = {Doha, Qatar},
	Author = {Pennington, Jeffrey and Socher, Richard and Manning, Christopher D.},
	Booktitle = {Proceedings of the 2014 Conference on Empirical Methods in Natural Language Processing (EMNLP)},
	Month = {October},
	Pages = {1532--1543},
	Publisher = {Association for Computational Linguistics},
	Title = {Glo{V}e: Global Vectors for Word Representation},
	Url = {http://www.aclweb.org/anthology/D14-1162},
	Year = {2014},
	Bdsk-Url-1 = {http://www.aclweb.org/anthology/D14-1162}}

@incollection{Mikolov-etal:2013,
	Author = {Mikolov, Tomas and Sutskever, Ilya and Chen, Kai and Corrado, Greg S and Dean, Jeff},
	Booktitle = {Advances in Neural Information Processing Systems 26},
	Editor = {Burges, Christopher J. C. and Bottou, Leon and Welling, Max and Ghahramani, Zoubin and Weinberger, Kilian Q.},
	Pages = {3111--3119},
	Publisher = {Curran Associates, Inc.},
	Title = {Distributed Representations of Words and Phrases and their Compositionality},
	Url = {https://papers.nips.cc/paper/5021-distributed-representations-of-words-and-phrases-and-their-compositionality},
	Year = {2013},
	Bdsk-Url-1 = {https://papers.nips.cc/paper/5021-distributed-representations-of-words-and-phrases-and-their-compositionality}}

@inproceedings{Peters-etal:2018,
	Author = {Peters, Matthew and Neumann, Mark and Iyyer, Mohit and Gardner, Matt and Clark, Christopher and Lee, Kenton and Zettlemoyer, Luke},
	Booktitle = {Proceedings of the 2018 Conference of the North American Chapter of the Association for Computational Linguistics: Human Language Technologies, Volume 1 (Long Papers)},
	Keywords = {ELMo},
	Location = {New Orleans, Louisiana},
	Pages = {2227--2237},
	Publisher = {Association for Computational Linguistics},
	Title = {Deep Contextualized Word Representations},
	Url = {http://aclweb.org/anthology/N18-1202},
	Year = {2018},
	Bdsk-Url-1 = {http://aclweb.org/anthology/N18-1202}}

@article{CollobertWeston:2011,
	Author = {Collobert, Ronan and Weston, Jason and Bottou, L{\'e}on and Karlen, Michael and Kavukcuoglu, Koray and Kuksa, Pavel},
	Journal = {Journal of Machine Learning Research},
	Keywords = {natural language processing, neural networks},
	Pages = {2493--2537},
	Title = {Natural Language Processing (Almost) from Scratch},
	Volume = {12},
	Year = {2011}}

@book{marcus:2001,
	Author = {Marcus, Gary F.},
	Publisher = {{MIT} Press},
	Title = {The Algebraic Mind: Integrating Connectionism and Cognitive science},
	Year = {2001}}

@article{Cybenko:1989,
	Author = {Cybenko, George},
	Journal = {Mathematics of Control, Signals and Systems},
	Month = {Dec},
	Number = {4},
	Pages = {303--314},
	Title = {Approximation by Superpositions of a Sigmoidal Function},
	Volume = {2},
	Year = {1989}}

@article{Hornik:Stinchcombe:White:1989,
	Author = {Hornik, Kurt and Stinchcombe, Maxwell and White, Halbert},
	Journal = {Neural Networks},
	Number = {5},
	Pages = {359--366},
	Title = {Multilayer Feedforward Networks are Universal Approximators},
	Volume = {2},
	Year = {1989}}

@article{Kim:2018,
title={Not-So-{CLEVR}: learning same–different relations strains feedforward neural networks},
author={Junkyung Kim and Matthew Ricci and Thomas Serre},
year={2018},
Journal = {Interface Focus},
	Number = {8},
url={https://openreview.net/forum?id=HymuJz-A-},
}

@article {Saxe2019,
	author = {Saxe, Andrew M. and McClelland, James L. and Ganguli, Surya},
	title = {A mathematical theory of semantic development in deep neural networks},
	volume = {116},
	number = {23},
	pages = {11537--11546},
	year = {2019},
	doi = {10.1073/pnas.1820226116},
	publisher = {National Academy of Sciences},
	abstract = {},
	issn = {0027-8424},
	URL = {https://www.pnas.org/content/116/23/11537},
	eprint = {https://www.pnas.org/content/116/23/11537.full.pdf},
	journal = {Proceedings of the National Academy of Sciences}
}

@inproceedings{Johnson:2017,
  author={J. {Johnson} and B. {Hariharan} and L. {van der Maaten} and L. {Fei-Fei} and C. L. {Zitnick} and R. {Girshick}},
  booktitle={2017 IEEE Conference on Computer Vision and Pattern Recognition (CVPR)}, 
  title={CLEVR: A Diagnostic Dataset for Compositional Language and Elementary Visual Reasoning}, 
  year={2017},
  volume={},
  number={},
  pages={1988-1997},
  doi={10.1109/CVPR.2017.215}}

@inproceedings{Bowman:2015,
	author = {Bowman, Samuel R. and Angeli, Gabor and Potts, Christopher and Manning, Christopher D.},
	booktitle = {Proceedings of the 2015 Conference on Empirical Methods in Natural Language Processing (EMNLP)},
	publisher = {Association for Computational Linguistics},
	title = {A large annotated corpus for learning natural language inference},
	year = {2015}
}

@InProceedings{Williams:2018,
  author = "Williams, Adina
            and Nangia, Nikita
            and Bowman, Samuel",
  title = "A Broad-Coverage Challenge Corpus for 
           Sentence Understanding through Inference",
  booktitle = "Proceedings of the 2018 Conference of 
               the North American Chapter of the 
               Association for Computational Linguistics:
               Human Language Technologies, Volume 1 (Long
               Papers)",
  year = "2018",
  publisher = "Association for Computational Linguistics",
  pages = "1112--1122",
  location = "New Orleans, Louisiana",
  url = "http://aclweb.org/anthology/N18-1101"
}

@inproceedings{Rajpurkar:2016,
    title = "{SQ}u{AD}: 100,000+ Questions for Machine Comprehension of Text",
    author = "Rajpurkar, Pranav  and
      Zhang, Jian  and
      Lopyrev, Konstantin  and
      Liang, Percy",
    booktitle = "Proceedings of the 2016 Conference on Empirical Methods in Natural Language Processing",
    month = nov,
    year = "2016",
    address = "Austin, Texas",
    publisher = "Association for Computational Linguistics",
    url = "https://www.aclweb.org/anthology/D16-1264",
    doi = "10.18653/v1/D16-1264",
    pages = "2383--2392",
}

@inproceedings{Rajpurkar:2018,
    title = "Know What You Don{'}t Know: Unanswerable Questions for {SQ}u{AD}",
    author = "Rajpurkar, Pranav  and
      Jia, Robin  and
      Liang, Percy",
    booktitle = "Proceedings of the 56th Annual Meeting of the Association for Computational Linguistics (Volume 2: Short Papers)",
    month = jul,
    year = "2018",
    address = "Melbourne, Australia",
    publisher = "Association for Computational Linguistics",
    url = "https://www.aclweb.org/anthology/P18-2124",
    doi = "10.18653/v1/P18-2124",
    pages = "784--789"
}

@inproceedings{wang:2018,
    title = "{GLUE}: A Multi-Task Benchmark and Analysis Platform for Natural Language Understanding",
    author = "Wang, Alex  and
      Singh, Amanpreet  and
      Michael, Julian  and
      Hill, Felix  and
      Levy, Omer  and
      Bowman, Samuel",
    booktitle = "Proceedings of the 2018 {EMNLP} Workshop {B}lackbox{NLP}: Analyzing and Interpreting Neural Networks for {NLP}",
    month = nov,
    year = "2018",
    address = "Brussels, Belgium",
    publisher = "Association for Computational Linguistics",
    url = "https://www.aclweb.org/anthology/W18-5446",
    doi = "10.18653/v1/W18-5446",
    pages = "353--355"
}

@inproceedings{jia:2017,
    title = "Adversarial Examples for Evaluating Reading Comprehension Systems",
    author = "Jia, Robin  and
      Liang, Percy",
    booktitle = "Proceedings of the 2017 Conference on Empirical Methods in Natural Language Processing",
    month = sep,
    year = "2017",
    address = "Copenhagen, Denmark",
    publisher = "Association for Computational Linguistics",
    url = "https://www.aclweb.org/anthology/D17-1215",
    doi = "10.18653/v1/D17-1215",
    pages = "2021--2031"
}

@inproceedings{nie:2020,
    title = "Adversarial {NLI}: A New Benchmark for Natural Language Understanding",
    author = "Nie, Yixin  and
      Williams, Adina  and
      Dinan, Emily  and
      Bansal, Mohit  and
      Weston, Jason  and
      Kiela, Douwe",
    booktitle = "Proceedings of the 58th Annual Meeting of the Association for Computational Linguistics",
    month = jul,
    year = "2020",
    address = "Online",
    publisher = "Association for Computational Linguistics",
    url = "https://www.aclweb.org/anthology/2020.acl-main.441",
    doi = "10.18653/v1/2020.acl-main.441",
    pages = "4885--4901"
}

@article{Liu:2019,
  author    = {Yinhan Liu and
               Myle Ott and
               Naman Goyal and
               Jingfei Du and
               Mandar Joshi and
               Danqi Chen and
               Omer Levy and
               Mike Lewis and
               Luke Zettlemoyer and
               Veselin Stoyanov},
  title     = {RoBERTa: {A} Robustly Optimized {BERT} Pretraining Approach},
  journal   = {CoRR},
  volume    = {abs/1907.11692},
  year      = {2019},
  url       = {http://arxiv.org/abs/1907.11692},
  archivePrefix = {arXiv},
  eprint    = {1907.11692},
  timestamp = {Thu, 01 Aug 2019 08:59:33 +0200},
  biburl    = {https://dblp.org/rec/journals/corr/abs-1907-11692.bib},
  bibsource = {dblp computer science bibliography, https://dblp.org}
}

@article{Radford:2019,
  title={Language Models are Unsupervised Multitask Learners},
  author={Radford, Alec and Wu, Jeff and Child, Rewon and Luan, David and Amodei, Dario and Sutskever, Ilya},
  year={2019}
}

@article{Brown:2020,
  title={Language Models are Few-Shot Learners},
  author={T. Brown and B. Mann and Nick Ryder and Melanie Subbiah and J. Kaplan and Prafulla Dhariwal and Arvind Neelakantan and Pranav Shyam and Girish Sastry and Amanda Askell and Sandhini Agarwal and Ariel Herbert-Voss and G. Kr{\"u}ger and Tom Henighan and R. Child and Aditya Ramesh and D. Ziegler and Jeffrey Wu and Clemens Winter and Christopher Hesse and Mark Chen and E. Sigler and Mateusz Litwin and Scott Gray and Benjamin Chess and J. Clark and Christopher Berner and Sam McCandlish and A. Radford and Ilya Sutskever and Dario Amodei},
  journal={ArXiv},
  year={2020},
  volume={abs/2005.14165}
}

@article{Bengio:2016,
author = {G\"{u}l\c{c}ehre, \c{C}aundefinedlar and Bengio, Yoshua},
title = {Knowledge Matters: Importance of Prior Information for Optimization},
year = {2016},
issue_date = {January 2016},
publisher = {JMLR.org},
volume = {17},
number = {1},
issn = {1532-4435},
journal = {Journal of Machine Learning Research},
month = jan,
pages = {226–257},
numpages = {32},
keywords = {training with hints, neural networks, optimization, deep learning, evolution of culture, curriculum learning}
}

@article{Fleuret:2011,
author = {Fleuret, Francois and Li, Ting and Dubout, Charles and Wampler, Emma and Yantis, Steven and Geman, Donald},
year = {2011},
month = {10},
pages = {17621-5},
title = {Comparing machines and humans on a visual categorization test},
volume = {108},
journal = {Proceedings of the National Academy of Sciences of the United States of America},
doi = {10.1073/pnas.1109168108}
}